@Book{xie2015,
  title = {Dynamic Documents with {R} and knitr},
  author = {Yihui Xie},
  publisher = {Chapman and Hall/CRC},
  address = {Boca Raton, Florida},
  year = {2015},
  edition = {2nd},
  note = {ISBN 978-1498716963},
  url = {http://yihui.org/knitr/},
}

@book{Ghy77, author = {Ghyka, Matila C.}, title = {El número de oro : Los ritos, los ritmos}, publisher = {Poseidón}, year = {1968}, address = {Buenos Aires} }
@book{ghyka1977geometry,
  title={The Geometry of Art and Life},
  author={Ghyka, M.C.},
  isbn={9780486235424},
  lccn={77078586},
  series={Dover Classics of Science and Mathematics},
  url={https://books.google.com.pe/books?id=h1Wm6tHAKHcC},
  year={1977},
  publisher={Dover Publications}
}

@article{homology,
	doi = {10.7566/jpsj.91.091013},
	url = {https://doi.org/10.7566%2Fjpsj.91.091013},
	year = 2022,
	month = {sep},
	publisher = {Physical Society of Japan},
	volume = {91},
	number = {9},
	author = {Ippei Obayashi and Takenobu Nakamura and Yasuaki Hiraoka},
	title = {Persistent Homology Analysis for Materials Research and Persistent Homology Software: {HomCloud}},
	journal = {Journal of the Physical Society of Japan}
}
@Book{venero,
  title = {Dynamic Documents with {R} and knitr},
  author = {Yihui Xie},
  publisher = {Chapman and Hall/CRC},
  address = {Boca Raton, Florida},
  year = {2015},
  edition = {2nd},
  note = {ISBN 978-1498716963},
  url = {http://yihui.org/knitr/},
}

@article{vincze2014college,
  title={College Geometry},
  author={Vincze, Csaba and Kozma, L{\'a}szl{\'o}},
  year={2014}
}


@book{leithold1990calculus,
  title={The calculus of a single variable with analytic geometry},
  author={Leithold, Louis},
  year={1990},
  publisher={Harper \& Row}
}
